<record><leader>00000cas a22000007a 4500</leader><controlfield tag="001">9335298</controlfield><controlfield tag="008">830322d18301831mauwr ne      0    0eng d</controlfield><datafield ind1=" " ind2=" " tag="010"><subfield code="a">sn 84025768 </subfield></datafield><datafield ind1=" " ind2=" " tag="040"><subfield code="a">NPX</subfield><subfield code="b">eng</subfield><subfield code="c">NPX</subfield><subfield code="d">NPV</subfield><subfield code="d">CNK</subfield><subfield code="d">OCLCQ</subfield></datafield><datafield ind1=" " ind2=" " tag="042"><subfield code="a">msc</subfield></datafield><datafield ind1=" " ind2=" " tag="043"><subfield code="a">n-us-ma</subfield></datafield><datafield ind1="0" ind2="0" tag="245"><subfield code="a">Moral envoy.</subfield></datafield><datafield ind1=" " ind2=" " tag="260"><subfield code="a">Fall River [Mass.] :</subfield><subfield code="b">George Wheaton Allen</subfield></datafield><datafield ind1=" " ind2=" " tag="300"><subfield code="a">v. ;</subfield><subfield code="c">53 cm.</subfield></datafield><datafield ind1=" " ind2=" " tag="310"><subfield code="a">Weekly</subfield></datafield><datafield ind1="1" ind2=" " tag="362"><subfield code="a">Began with Mar. 17, 1830 issue.</subfield><subfield code="z">Cf. Gregory, Amer. newspapers.</subfield></datafield><datafield ind1="1" ind2=" " tag="362"><subfield code="a">Ceased in 1831.</subfield><subfield code="z">Cf. Fall River monitor, Jan. 1, 1876.</subfield></datafield><datafield ind1=" " ind2=" " tag="500"><subfield code="a">"Anti-Masonic."</subfield></datafield><datafield ind1=" " ind2=" " tag="580"><subfield code="a">Continued by: The Village recorder (non-extant?) Cf. Fall River monitor, Jan. 1, 1876.</subfield></datafield><datafield ind1=" " ind2=" " tag="588"><subfield code="a">Description based on: Vol. 1, no. 13 (June 9, 1830).</subfield></datafield><datafield ind1=" " ind2=" " tag="752"><subfield code="a">United States</subfield><subfield code="b">Massachusetts</subfield><subfield code="c">Bristol</subfield><subfield code="d">Fall River.</subfield></datafield><datafield ind1="1" ind2="0" tag="785"><subfield code="t">Village recorder</subfield></datafield></record>